@article{morris,
  author = {Robert morris},
  title = {Counting Large Numbers of Events in Small registers},
  journal = {Programming Techniques},
  year = {\href{https://www.inf.ed.ac.uk/teaching/courses/exc/reading/morris.pdf
          }{Link to paper}},
}

@misc{blogMorris,
  author = {Arpit Bhayani},
  title = {Morri's algorithm for approximate counting},
  note = {\href{https://arpitbhayani.me/blogs/morris-counter/}{Blog post}},
}

@misc{10-jhu1,
  author = {Andrew McGregor},
  title = {Crash Course on Data Stream Algorithms, Part I: Basic Definitons and
           Numerical Streams},
  journal = {University of Massauchusetts Amherst},
  note = {\href{https://people.cs.umass.edu/~mcgregor/slides/10-jhu1.pdf}{Slide
          link}},
}

@misc{hemmanga,
  author = {Ajinkya Potdar and Hemanga Krishna Borah},
  title = {STREAMING ALGORITHMS},
  note = {\href{https://www3.cs.stonybrook.edu/~
          rezaul/Spring-2013/CSE638/Streaming-Algorithms-(Ajinkya-and-Hemanga).pdf
          }{Slide link } },
}

@misc{notesEstimation,
  author = {Burt Gerstman},
  title = {5: Introduction to Estimation},
  note = {\href{https://www.sjsu.edu/faculty/gerstman/StatPrimer/estimation.pdf}
          {Notes link } },
}


@misc{howTo,
  author = {HowTo},
  title = {EStimator: Simple Definitions and Examples},
  note = {\href{https://www.statisticshowto.com/estimator/} {BlogPost link } },
}


@misc{yt1,
  author = {Rahul Patwari},
  title = {Estimation and Confidence Intervals},
  note = {\href{https://www.youtube.com/watch?v=_BiVb6neUP0} {YT link} },
}
